@misc{Data.java,
	author = {Stephen Downes and Cristover Lopes and Shane O'Brien and P\'{a}draig Redmond and Stuart Rigby-Jones and Daniel Walsh},
	title = {\textit{Data.java}},
	year = 2009,
	month = {April 24},
	note = {\\URL: \link{http://github.com/1ba7/cymple/blob/450ccdd8b739301db269b9fae51b4e154797ea48/src/data/Data.java}{src/data/Data.java}}
}

@misc{yaml,
	author = {Stephen Downes and Cristover Lopes and Shane O'Brien and P\'{a}draig Redmond and Stuart Rigby-Jones and Daniel Walsh},
	title = {\textit{{YAML} Descriptions}},
	year = 2009,
	month = {April 24},
	note = {\\URL: \link{http://github.com/1ba7/cymple/blob/450ccdd8b739301db269b9fae51b4e154797ea48/doc/api/common.yml}{doc/api/common.yml}, \link{http://github.com/1ba7/cymple/blob/450ccdd8b739301db269b9fae51b4e154797ea48/doc/api/data.yml}{doc/api/data.yml}}
}

@misc{stubs,
	author = {Stephen Downes and Cristover Lopes and Shane O'Brien and P\'{a}draig Redmond and Stuart Rigby-Jones and Daniel Walsh},
	title = {\textit{gen-stubs}},
	year = 2009,
	month = {April 24},
	note = {\\URL: \link{http://github.com/1ba7/cymple/blob/450ccdd8b739301db269b9fae51b4e154797ea48/bin/gen-stubs}{bin/gen-stubs}}
}

@misc{specification,
	author = {Dominic Jones},
	title = {\textit{1BA7 Programming Project --- 2008/09}},
	year = 2009,
	month = {March 31},
	note = {\\URL: \link{https://www.cs.tcd.ie/~jonesdh/1ba7/Project/1BA7-project.pdf}{1BA7-project.pdf}}
}

@misc{github,
	author = {Group B},
	title = {\textit{Github account for {1BA7}}},
	year = 2009,
	month = {April 2},
	note = {\\URL: \url{http://github.com/1ba7}}
}

@misc{mvc,
	author = {Wikipedia},
	title = {\textit{Model-View-Controller}},
	year = 2009,
	month = {May 1},
	note = {\\URL: \url{http://en.wikipedia.org/wiki/Model-View-Controller}}
}

@misc{better,
	author = {Scott Chacon},
	title = {\textit{Why Git is Better than X}},
	year = 2009,
	month = {February 8},
	note = {\\URL: \url{http://whygitisbetterthanx.com/}}
}
